@article{roberts2001,
   author = {Roberts, G. O. and Rosenthal, J. S.},
year={2001},
   title = {Optimal scaling for various Metropolis-Hastings algorithms},
   journal = {Statistical Science},
   volume = {16},
   number = {4},
   pages = {351-367}
}

@book{brooks2011,
  title={Handbook of Markov Chain Monte Carlo},
  author={Brooks, Steve and Gelman, Andrew and Jones, Galin and Meng, Xiao-Li},
  year={2011},
  publisher={CRC Press}
}
